@article{meta,
        author={Hannay,J. E. and Dybå,T. and Arisholm,E. and Sjøberg,D. I. K.},
        year={2009},
        title={The effectiveness of pair programming: A meta-analysis},
        journal={Information and Software Technology},
        volume={51},
        number={7},
        pages={1110-1122},
}

@inproceedings{case,
        author={Hulkko,H. and Abrahamsson,P.},
        year={2005},
        title={A multiple case study on the impact of pair programming on product quality},
        booktitle={Proceedings - 27th International Conference on Software Engineering, ICSE05},
        pages={495-504},
}
